%  priklad uvadzania literatury pre FEIstyle.bst
%  naformatovane vstupy: book

@book{vlabphylosopfy,
author = {vlab.co.in},
title = {Philosophy of Virtual Laboratories},
note = {[online]. [cit: 2016-03-13] Dostupné na internete: <http://vlab.co.in>},
year = 2016
}

@book{hatherly,
author = {HATHERLY, Paul},
title = {The Virtual Laboratory and interactive screen experiments},
note = {[online]. 2009. Dostupné na internete: <https://web.phys.ksu.edu/icpe/publications/teach2/Hatherly.pdf>},
year = 2009,
pages = {str. 1}
}

@book{vlabtablecomparison,
author = {SANTANA I.; FERRE M.; IZAGUIRRE E.; ARACIL R.; HERNÁNDEZ L.},
title = {Remote Laboratories for Education and Research Purposes in Automatic Control Systems},
note = {[online]. Február 2013. Dostupné na internete: <http://ieeexplore.ieee.org/stamp/stamp.jsp?arnumber=6140966>},
publisher = {IEEE TRANSACTIONS ON INDUSTRIAL INFORMATICS, VOL. 9, NO. 1},
year = 2013,
pages = {str. 3}
}

@book{table-vlab-farkas,
author = {FARKAŠ, Roman},
title = {Vzdialené laboratórium riadenia reálnych sytémov využívajúce technológie Matlab a Java},
publisher = {FEI STU},
note = {2011. FEI-5384-16514.},
year = {2011}
}

@book{table-vlab-borka,
author = {BORKA, Tibor},
title = {Aplikácia typu klient-server pre virtuálne laboratórium s využitím platformy .NET},
publisher = {FEI STU},
note = {2012. FEI-5406-30519.}
}

@book{table-vlab-kundrat,
author = {KUNDRÁT, Michal},
title = {Aplikacia pre virtualne laboratorium vyuzivajuca Java Matlab interface},
publisher = {FEI STU},
note = {2014. FEI-5384-47855.}
}

@book{table-vlab-cerveny,
author = {ČERVENÝ, Tomáš},
title = {Mobilný klient pre účely virtuálneho laboratória využívajuci web rozhranie},
publisher = {FEI STU},
note = {2014. FEI-5384-29988.}
}

@book{table-vlab-varga,
author = {VARGA, Stefan},
title = {Virtuálne laboratórium riadenia dynamických systémov},
publisher = {FEI STU},
note = {2015. FEI-5396-5865.}
}

@book{article-components-vl,
author = {GOMES L.; BOGOSYAN S.},
title = {Current Trends in Remote Laboratories},
publisher = {IEEE Transactions on Industrial Electronics},
note = {[online]. December 2009. Dostupné na internete: <http://ieeexplore.ieee.org/xpls/icp.jsp?arnumber=5280206>}
}

@book{matlab-restful,
title = {Matlab RESTful web services},
author = {Mathworks},
note = {[online]. [cit: 2016-04-10]. Dostupné na internete: <http://www.mathworks.com/help/matlab/internet-file-access.html>}
}

@book{angular-wiki,
author = {Google},
title = {AngularJS},
note = {[online]. [cit: 2016-04-20]. Dostupné na internete: <https://en.wikipedia.org/wiki/AngularJS>}
}

@online{angular-docs,
author = {Google},
title = {What is Angular.},
note = {[online]. [cit: 2016-04-20]. Dostupné na internete: <https://docs.angularjs.org/guide/introduction>}
}

@book{angular-concept,
author = {Tutorialspoint},
title = {AngularJS concepts},
note = {[online]. [cit: 2016-04-20]. Dostupné na internete: <http://www.tutorialspoint.com/angularjs/angularjs\_overview.htm>}
}

@book{matlab-mathworks,
author = {MathWorks},
title = {Matlab - The Language of Technical Computing},
note = {[online]. [cit: 2016-04-20]. Dostupné na internete: <http://www.mathworks.com/products/matlab>}
}

@book{matlab-microsoft-com,
author = {Microsoft},
title = {What is COM.},
note = {[online]. [cit: 2016-04-20]. Dostupné na internete: <https://www.microsoft.com/com/default.mspx>}
}

@book{matlab-com,
author = {MathWorks},
title = {MATLAB COM Integration},
note = {[online]. [cit: 2016-04-20]. Dostupné na internete: <http://www.mathworks.com/help/matlab/matlab\_external/introducing-matlab-com-integration.html>}
}

@book{rest-vaqqas,
author = {M. Vaqqas},
title = {RESTful Web Services: A Tutorial},
note = {[online]. [cit: 2016-04-21]. Dostupné na internete: <http://www.drdobbs.com/web-development/restful-web-services-a-tutorial/240169069>}
}

@book{matlab-weboptions,
author = {MathWorks},
title = {Matlab weboptions},
note = {[online]. [cit: 2016-04-21]. Dostupné na internete: <http://www.mathworks.com/help/matlab/ref/weboptions.html>}
}

@book{matlab-webread,
author = {MathWorks},
title = {Matlab webread},
note = {[online]. [cit: 2016-04-21]. Dostupné na internete: <http://www.mathworks.com/help/matlab/ref/webread.html>}
}

@book{matlab-webwrite,
author = {MathWorks},
title = {Matlab webwrite},
note = {[online]. [cit: 2016-04-21]. Dostupné na internete: <http://www.mathworks.com/help/matlab/ref/webwrite.html>}
}

@book{mongodb-wiki,
author = {MongoDB},
title = {What is MongoDB},
note = {[online]. [cit: 2016-04-21]. Dostupné na internete: <https://en.wikipedia.org/wiki/MongoDB>}
}

@book{nodejs-wiki,
author = {NodeJS},
title = {History of NodeJS},
note = {[online]. [cit: 2016-04-23]. Dostupné na internete: <https://en.wikipedia.org/wiki/Node.js>}
}

@book{nodejs-arch,
author = {Abdel Raoof Olakara},
title = {NodeJS architecture},
note = {[online]. [cit: 2016-04-23]. Dostupné na internete: <http://abdelraoof.com/blog/2015/10/19/introduction-to-nodejs>}
}

@book{nodejs-event-loop,
author = {Abdel Raoof Olakara},
title = {Understanding NodeJS event loop},
note = {[online]. [cit: 2016-04-23]. Dostupné na internete: <http://abdelraoof.com/blog/2015/10/28/understanding-nodejs-event-loop>}
}

@book{nodejs-introduction,
author = {Tutorialspoint},
title = {What is NodeJS},
note = {[online]. [cit: 2016-04-23]. Dostupné na internete: <http://www.tutorialspoint.com/nodejs/nodejs\_introduction.htm>}
}

@book{nodejs-by-example,
author = {TSONEV, Krasimir},
title = {Node.js by example},
publisher = {2015. PACKT PUBLISHING},
year = 2015,
}

@book{matlab-macos,
author = {MathWorks},
title = {Start MATLAB program from Mac Terminal},
note = {[online]. [cit: 2016-04-28]. Dostupné na internete: <http://www.mathworks.com/help/matlab/ref/matlabmac.html>}
}

@book{uml-usecase,
author = {Petra Rejnková},
title = {Diagram případů užití},
note = {[online]. 2009. [cit: 2016-04-30]. Dostupné na internete: <http://uml.czweb.org/pripad\_uziti.htm>}
}

@book{express-tutorial,
author = {Tutorialspoint},
title = {Express overview},
note = {[online]. [cit: 2016-04-30]. Dostupné na internete: <http://www.tutorialspoint.com/nodejs/nodejs\_express\_framework.htm>}
}

@book{express-middleware,
author = {Express.js},
title = {Writing middleware for use in Express apps},
note = {[online]. [cit: 2016-05-08]. Dostupné na internete: <http://expressjs.com/en/guide/writing-middleware.html>}
}

@book{express-routing,
author = {Express.js},
title = {Express routing},
note = {[online]. [cit: 2016-05-08]. Dostupné na internete: <http://expressjs.com/en/starter/basic-routing.html>}
}

@book{nodejs-exp-request,
author = {Tutorialspoint},
title = {Node.js - Request object properties},
note = {[online]. [cit: 2016-05-10]. Dostupné na internete: <http://www.tutorialspoint.com/nodejs/nodejs\_request\_object.htm>}
}

@book{nodejs-exp-response,
author = {Tutorialspoint},
title = {Node.js - Response object properties},
note = {[online]. [cit: 2016-05-10]. Dostupné na internete: <http://www.tutorialspoint.com/nodejs/nodejs\_response\_object.htm>}
}